<?xml version="1.0" encoding="UTF-8"?><record xmlns="http://www.loc.gov/MARC21/slim" xmlns:cinclude="http://apache.org/cocoon/include/1.0" xmlns:zs="http://www.loc.gov/zing/srw/">
  <leader>00422cz  a2200133n  4500</leader>
  <controlfield tag="001">n  91027871 </controlfield>
  <controlfield tag="003">DLC</controlfield>
  <controlfield tag="005">19920330073132.8</controlfield>
  <controlfield tag="008">910320n| acannaab|          |n aaa |||  </controlfield>
  <datafield tag="010" ind1=" " ind2=" ">
    <subfield code="a">n  91027871 </subfield>
  </datafield>
  <datafield tag="040" ind1=" " ind2=" ">
    <subfield code="a">DLC</subfield>
    <subfield code="c">DLC</subfield>
    <subfield code="d">DLC</subfield>
  </datafield>
  <datafield tag="100" ind1="1" ind2="0">
    <subfield code="a">Zimmermann, Jean-Louis</subfield>
  </datafield>
  <datafield tag="667" ind1=" " ind2=" ">
    <subfield code="a">Old catalog heading: Zimmerman, Jean Louis</subfield>
  </datafield>
  <datafield tag="670" ind1=" " ind2=" ">
    <subfield code="a">His L'eau et les gaz dans les principales familles de silicate, 1972:</subfield>
    <subfield code="b">t.p. (Jean-Louis Zimmermann)</subfield>
  </datafield>
</record>